@misc{PrimsAlgo,
    author = "{Wikipedia contributors}",
    title = "Prim's algorithm --- {Wikipedia}{,} The Free Encyclopedia",
    year = "2019",
    url = "https://en.wikipedia.org/w/index.php?title=Prim%27s_algorithm&oldid=932353426",
    note = "[Online; accessed 10-March-2020]"
  }

@book{IntroToAlgo, 
      place={Cambridge (Massachusetts)}, 
      title={Introduction to Algorithms}, 
      publisher={MIT Press}, 
      author={Cormen, Thomas H. and Leiserson, Charles E. and Rivest, Ronald L. and Stein, Clifford}, 
      year={2007}
}

@misc{KruskalsAlgo,
    author = "{Wikipedia contributors}",
    title = "Kruskal's algorithm --- {Wikipedia}{,} The Free Encyclopedia",
    year = "2020",
    url = "https://en.wikipedia.org/w/index.php?title=Kruskal%27s_algorithm&oldid=942354418",
    note = "[Online; accessed 10-March-2020]"
  }

@misc{BoruvkasAlgo,
    author = "{Wikipedia contributors}",
    title = "Bor≈Øvka's algorithm --- {Wikipedia}{,} The Free Encyclopedia",
    year = "2019",
    url = "https://en.wikipedia.org/w/index.php?title=Bor%C5%AFvka%27s_algorithm&oldid=931169317",
    note = "[Online; accessed 10-March-2020]"
  }